@article{Dalmass2018baseball,
  title={The Psychology of Baseball: How the Mental Game Impacts the Physical Game},
  author={Dalmass,Kiera},
  journal={Honors Scholar Theses},
  volume={578},
  pages={99},
  year={2018},
  publisher={Honors Scholar Program}
}

@article{Nelson2023Baseballstat,
  title={Baseball Stats 101: A complete glossary of baseball statistics},
  author={Steve (S.) Nelson},
  journal={Baseball Training World},
  year={2023}
}