usepacka
@article{Dalmass2018baseball,
  title={The Psychology of Baseball: How the Mental Game Impacts the Physical Game},
  author={Dalmass,Kiera},
  journal={Honors Scholar Theses},
  volume={578},
  pages={99},
  year={2018},
  publisher={Honors Scholar Program}
}

@misc{web:Wyers:Part1,
  author = {Wyers,Colin},
  title = {How to measure a player's value Part 1 | The Hardball Times},
  year = {2009},
  note = {Last accessed 22 January 2009},
  url = {https://tht.fangraphs.com/how-to-measure-a-players-value-part-i/}
}

@misc{web:Wyers:Part2,
  author = {Wyers,Colin},
  title = {How to measure a player's value Part 1 | The Hardball Times},
  year = {2009},
  note = {Last accessed 29 January 2009},
  url = {https://tht.fangraphs.com/how-to-measure-a-players-value-part-2/}
}
